@inproceedings{joye2002montgomery,
  title={The Montgomery powering ladder},
  author={Joye, Marc and Yen, Sung-Ming},
  booktitle={International Workshop on Cryptographic Hardware and Embedded Systems},
  pages={291--302},
  year={2002},
  organization={Springer}
}

@article{carmichael1910note,
  title={Note on a new number theory function},
  author={Carmichael, Robert D},
  journal={Bulletin of the American Mathematical Society},
  volume={16},
  number={5},
  pages={232--238},
  year={1910}
}

@article{alfordinfinite,
  title={There are infinitely many Carmichael numbers},
  author={Alford, William R and Granville, Andrew and Pomerance, Carl},
  journal={Annals of Mathematics},
  volume={139},
  number={3},
  pages={703--722},
  year={1994},
  publisher={JSTOR}
}

@inproceedings{albrecht2018prime,
  title={Prime and Prejudice: Primality Testing Under Adversarial Conditions},
  author={Albrecht, Martin R and Massimo, Jake and Paterson, Kenneth G and Somorovsky, Juraj},
  booktitle={Proceedings of the 2018 ACM SIGSAC Conference on Computer and Communications Security},
  pages={281--298},
  year={2018},
  organization={ACM}
}

@book{hoffstein2008introduction,
  title={An introduction to mathematical cryptography},
  author={Hoffstein, Jeffrey and Pipher, Jill Catherine and Silverman, Joseph H},
  volume={1},
  year={2008},
  publisher={Springer}
}

@article{boneh1999twenty,
  title={Twenty years of attacks on the RSA cryptosystem},
  author={Boneh, Dan and others},
  journal={Notices of the AMS},
  volume={46},
  number={2},
  pages={203--213},
  year={1999}
}