% This is the bibliography.
%
% I use the following styles, whenever possible:

% - citation is lastname of first author, 4-number year, first non-stopword word
%   of title (all letters lower case).  In case of ambiguity can deviate, but pick
%   something similar. This is based on the Google scholar approach
%
% - Page numbers, physical location, editors, most often omitted
% - Author names (provide full names here, not initials for first name), Title,
%   Venue, Year included
% - Conference names can be replaced by widely understood acronyms
%    CRYPTO
%    EUROCRYPT
%    ASIACRYPT
%    IEEE S&P
%    USENIX Security
%    ACM CCS
%    TCC
%    Fast software encryption (to avoid confusion with Foundations of Software Engineering)
% - Journals one can cite in the journal format
% - Conferences can use inproceedings format
%
%
% Suggestions on bib maintenance welcome, we can refine this as we go on.
%


@article{dolev1983security,
  title={On the security of public key protocols},
  author={Dolev, Danny and Yao, Andrew},
  journal={IEEE Transactions on information theory},
  volume={29},
  number={2},
  pages={198--208},
  year={1983},
  publisher={IEEE}
}

@article{shafi1984probabilistic,
  title={Probabilistic encryption},
  author={Shafi, Goldwasser and Micali, Silvio},
  journal={Journal of computer and system sciences},
  volume={28},
  number={2},
  pages={270--299},
  year={1984}
}

@article{shannon1949communication,
  title={Communication theory of secrecy systems},
  author={Shannon, Claude E},
  journal={Bell system technical journal},
  volume={28},
  number={4},
  pages={656--715},
  year={1949},
  publisher={Wiley Online Library}
}


@inproceedings{bellare1994security,
  title={The security of cipher block chaining},
  author={Bellare, Mihir and Kilian, Joe and Rogaway, Phillip},
  booktitle={CRYPTO},
  year={1994},
}


@inproceedings{bellare2006security,
  title={The security of triple encryption and a framework for code-based game-playing proofs},
  author={Bellare, Mihir and Rogaway, Phillip},
  booktitle={EUROCRYPT},
  year={2006},
}


@inproceedings{ristenpart2011careful,
  title={Careful with composition: Limitations of the indifferentiability framework},
  author={Ristenpart, Thomas and Shacham, Hovav and Shrimpton, Thomas},
  booktitle={EUROCRYPT},
  year={2011},
}


@incollection{rogaway2006formalizing,
  title={Formalizing human ignorance},
  author={Rogaway, Phillip},
  booktitle={VIETCRYPT 2006},
  year={2006},
  publisher={Springer}
}


@article{standaert2003cryptanalysis,
  title={Cryptanalysis of block ciphers: A survey},
  author={Standaert, Francois-Xavier and Piret, Gilles and Quisquater, Jean-Jacques},
  journal={UCL Crypto Group},
  year={2003}
}

@inproceedings{bellare2006multi,
	title={Multi-property-preserving hash domain extension and the EMD transform},
	author={Bellare, Mihir and Ristenpart, Thomas},
	booktitle={International Conference on the Theory and Application of Cryptology and Information Security},
	pages={299--314},
	year={2006},
	organization={Springer}
}


@article{Bindschaelder2018tao,
author = {Bindschaedler, Vincent and Grubbs, Paul and Cash, David and Ristenpart, Thomas and Shmatikov, Vitaly},
year = {2018},
month = {07},
title = {The tao of inference in privacy-protected databases},
volume = {11},
journal = {Proceedings of the VLDB Endowment},
}

@inproceedings{Naveed2015inference,
 author = {Naveed, Muhammad and Kamara, Seny and Wright, Charles V.},
 title = {Inference Attacks on Property-Preserving Encrypted Databases},
 booktitle = {Proceedings of the 22Nd ACM SIGSAC Conference on Computer and Communications Security},
 series = {CCS '15},
 year = {2015},
 acmid = {2813651},
 publisher = {ACM},
}

@InProceedings{Halevi2004EME,
author="Halevi, Shai
and Rogaway, Phillip",
title="A Parallelizable Enciphering Mode",
booktitle="Topics in Cryptology -- CT-RSA 2004",
year="2004",
publisher="Springer Berlin Heidelberg",
}

@InProceedings{Halevi2003CMC,
author="Halevi, Shai
and Rogaway, Phillip",
title="A Tweakable Enciphering Mode",
booktitle="Advances in Cryptology - CRYPTO 2003",
year="2003",
publisher="Springer Berlin Heidelberg",
}

@InProceedings{Halevi2007TET,
author="Halevi, Shai",
title="Invertible Universal Hashing and the TET Encryption Mode",
booktitle="Advances in Cryptology - CRYPTO 2007",
year="2007",
publisher="Springer Berlin Heidelberg",
}

@article{EvenMansour,
 title = {A Construction of a Cipher from a Single Pseudorandom Permutation},
 author = {Even, Shimon and Mansour, Yishay},
 journal = {Journal of Cryptography},
 volume = {10},
 number = {3},
 year = {1997},
 url = {http://dx.doi.org/10.1007/s001459900025}
}

@article{BonehShoupBook,
 title = {A Graduate Course on Cryptography},
 author = {Dan Boneh and Victor Shoup},
 url = {https://toc.cryptobook.us/}
}

@inproceedings{MatsuiDES,
 author = {Matsui, Mitsuru},
 title = {Linear Cryptanalysis Method for DES Cipher},
 booktitle = {Workshop on the Theory and Application of Cryptographic Techniques on Advances in Cryptology},
 series = {EUROCRYPT '93},
 year = {1994},
 isbn = {3-540-57600-2},
 pages = {386--397},
 numpages = {12},
 url = {http://dl.acm.org/citation.cfm?id=188307.188366},
 acmid = {188366}
}

@article{CopersmithDES,
author = {Coppersmith, D},
year = {1994},
month = {06},
pages = {243 - 250},
title = {The Data Encryption Standard (DES) and its strength against attacks},
volume = {38},
journal = {IBM Journal of Research and Development},
doi = {10.1147/rd.383.0243}
}

@article{ClaudeShannonInfoTheory,
 author = {Shannon, C. E.},
 title = {A Mathematical Theory of Communication},
 journal = {SIGMOBILE Mob. Comput. Commun. Rev.},
 issue_date = {January 2001},
 volume = {5},
 number = {1},
 month = jan,
 year = {2001},
 issn = {1559-1662},
 pages = {3--55},
 numpages = {53},
 url = {http://doi.acm.org/10.1145/584091.584093},
 doi = {10.1145/584091.584093},
 acmid = {584093},
 publisher = {ACM},
 address = {New York, NY, USA},
}

@inproceedings{black2000cbc,
	title={CBC MACs for arbitrary-length messages: The three-key constructions},
	author={Black, John and Rogaway, Phillip},
	booktitle={Annual International Cryptology Conference},
	pages={197--215},
	year={2000},
	organization={Springer}
}

@inproceedings{rogaway2004efficient,
	title={Efficient instantiations of tweakable blockciphers and refinements to modes OCB and PMAC},
	author={Rogaway, Phillip},
	booktitle={International Conference on the Theory and Application of Cryptology and Information Security},
	pages={16--31},
	year={2004},
	organization={Springer}
}

@article{LubyRackoff88,
  author    = {Michael Luby and
               Charles Rackoff},
  title     = {How to Construct Pseudorandom Permutations from Pseudorandom Functions},
  journal   = {{SIAM} J. Comput.},
  year      = {1988},
}

@article{Thorp73,
  title={Nonrandom shuffling with applications to the game of Faro},
  author={Thorp, Edward O},
  journal={Journal of the American Statistical Association},
  year={1973},
}

@article{NaorReingold99,
  author    = {Moni Naor and
               Omer Reingold},
  title     = {On the Construction of Pseudorandom Permutations: Luby-Rackoff Revisited},
  journal   = {J. Cryptology},
  year      = {1999},
}

@inproceedings{MRS09,
  author    = {Ben Morris and
               Phillip Rogaway and
               Till Stegers},
  title     = {How to Encipher Messages on a Small Domain},
  booktitle = {{CRYPTO}},
  year      = {2009},
}

@misc{BellareBCNotes,
	title = {UCSD CSE 207, Lecture Notes on Block Ciphers},
	url = {https://cseweb.ucsd.edu/~mihir/cse207/s-bc.pdf},
	author = {Bellare, Mihir},
	month = Mar,
	year = {2019},
}

@article{BellareRogawayBook,
	title = {Introduction to Modern Cryptography},
	author = {Mihir Bellare and Phillip Rogaway},
	url = {http://web.cs.ucdavis.edu/~rogaway/classes/227/spring05/book/main.pdf}
}

@inproceedings{Bellare2000,
  title={Authenticated encryption: Relations among notions and analysis of the generic composition paradigm},
  author={Bellare, Mihir and Namprempre, Chanathip},
  booktitle={International Conference on the Theory and Application of Cryptology and Information Security},
  pages={531--545},
  year={2000},
  organization={Springer}
}

@inproceedings{Krawczyk2001,
  title={The order of encryption and authentication for protecting communications (or: How secure is SSL?)},
  author={Krawczyk, Hugo},
  booktitle={Annual International Cryptology Conference},
  pages={310--331},
  year={2001},
  organization={Springer}
}

@inproceedings{Canvel2003,
  title={Password interception in a SSL/TLS channel},
  author={Canvel, Brice and Hiltgen, Alain and Vaudenay, Serge and Vuagnoux, Martin},
  booktitle={Annual International Cryptology Conference},
  pages={583--599},
  year={2003},
  organization={Springer}
}

@inproceedings{Fardan2013,
  title={Lucky thirteen: Breaking the TLS and DTLS record protocols},
  author={Al Fardan, Nadhem J and Paterson, Kenneth G},
  booktitle={2013 IEEE Symposium on Security and Privacy},
  pages={526--540},
  year={2013},
  organization={IEEE}
}

@inproceedings{Rogaway2004,
  title={Nonce-based symmetric encryption},
  author={Rogaway, Phillip},
  booktitle={International Workshop on Fast Software Encryption},
  pages={348--358},
  year={2004},
  organization={Springer}
}


@article{Bellare2004,
  title={Breaking and provably repairing the SSH authenticated encryption scheme: A case study of the Encode-then-Encrypt-and-MAC paradigm},
  author={Bellare, Mihir and Kohno, Tadayoshi and Namprempre, Chanathip},
  journal={ACM Transactions on Information and System Security (TISSEC)},
  volume={7},
  number={2},
  pages={206--241},
  year={2004},
  publisher={ACM}
}

@inproceedings{Albrecht2009,
  title={Plaintext recovery attacks against SSH},
  author={Albrecht, Martin R and Paterson, Kenneth G and Watson, Gaven J},
  booktitle={2009 30th IEEE Symposium on Security and Privacy},
  pages={16--26},
  year={2009},
  organization={IEEE}
}

@inproceedings{Paterson2010,
  title={Plaintext-dependent decryption: A formal security treatment of SSH-CTR},
  author={Paterson, Kenneth G and Watson, Gaven J},
  booktitle={Annual International Conference on the Theory and Applications of Cryptographic Techniques},
  pages={345--361},
  year={2010},
  organization={Springer}
}

@inproceedings{Rogaway2006,
  title={A provable-security treatment of the key-wrap problem},
  author={Rogaway, Phillip and Shrimpton, Thomas},
  booktitle={Annual International Conference on the Theory and Applications of Cryptographic Techniques},
  pages={373--390},
  year={2006},
  organization={Springer}
}

@article{Lacharité2018FSE,
 title={Frequency-smoothing encryption: preventing snapshot attacks on deterministically encrypted data},
 volume={2018},
 url={https://tosc.iacr.org/index.php/ToSC/article/view/852},
 DOI={10.13154/tosc.v2018.i1.277-313},
 number={1},
 journal={IACR Transactions on Symmetric Cryptology},
 author={Lacharité, Marie-Sarah and Paterson, Kenneth},
 year={2018},
}

@InProceedings{Rogaway2002FPE,
author="Black, John
and Rogaway, Phillip",
title="Ciphers with Arbitrary Finite Domains",
booktitle="Topics in Cryptology --- CT-RSA 2002",
year="2002",
publisher="Springer Berlin Heidelberg",
isbn="978-3-540-45760-2"
}

@inproceedings{black2002black,
    title={Black-box analysis of the block-cipher-based hash-function constructions from PGV},
    author={Black, John and Rogaway, Phillip and Shrimpton, Thomas},
    booktitle={Annual International Cryptology Conference},
    pages={320--335},
    year={2002}
}

@inproceedings{winternitz1984secure,
    title={A secure one-way hash function built from DES},
    author={Winternitz, Robert S},
    booktitle={1984 IEEE Symposium on Security and Privacy},
    pages={88--88},
    year={1984},
    organization={IEEE}
}

@Techreport{ commerce1981FPE,
	title = "Guidelines for Implementing and Usgin the NBS Data Encryption Standard",
	author = "US Department of Commerce",
	year = "1981",
	month = "April",
	institution = "US Department of Commerce / National Bureau of Standards",
	number = "FIPS PUB 74",
	day = "1",
}

@article{Brightwell1997FPE,
author={Michael Brightwell, Harry E. Smith},
title={Using datatype-preserving encryption to enhance data warehouse security},
journal={20thNISSC Proceedings},
year={1997},
url={http://csrc.nist.gov/nissc/1997}
}

@inproceedings{RogawayShrimpton04,
  author    = {Phillip Rogaway and
               Thomas Shrimpton},
  title     = {Cryptographic Hash-Function Basics: Definitions, Implications, and
               Separations for Preimage Resistance, Second-Preimage Resistance, and
               Collision Resistance},
  booktitle = {Fast Software Encryption},
  year      = {2004},
}


@InProceedings{Bellare1996,
  title={Keying Hash Functions for Message Authentication},
  author={Bellare, Mihir and Canetti, Ran and Krawczyk, Hugo},
  booktitle={CRYPTO},
  year={1996},
  pages={1--15}
}


@InProceedings{Bellare2006,
    title={New Proofs for NMAC and HMAC: Security Without Collision-Resistance},
    author={Bellare, Mihir},
    booktitle={CRYPTO},
    year={2006},
    pages={602--619}
}

@InProceedings{Coron2005,
    author={Coron, Jean-S{\'e}bastien and Dodis, Yevgeniy and Malinaud, C{\'e}cile and Puniya, Prashant},
    title={Merkle-Damg{\aa}rd Revisited: How to Construct a Hash Function},
    booktitle={CRYPTO},
    year={2005},
    pages={430--448}
}

@InProceedings{Maurer2004,
    author={Maurer, Ueli and Renner, Renato and Holenstein, Clemens},
    title={Indifferentiability, Impossibility Results on Reductions, and Applications to the Random Oracle Methodology},
    booktitle={Theory of Cryptography},
    year={2004},
    pages={21--39}
}

@InProceedings{Ristenpart2011,
    title = {Careful with Composition: Limitations of Indifferentiability and Universal Composability.},
    author = {Ristenpart, Thomas and Shacham, Hovav and Shrimpton, Thomas},
    booktitle={EUROCRYPT},
    year = {2011},
    pages = {487--506}
}

@InProceedings{biryukov2009related,
    title={Related-key cryptanalysis of the full AES-192 and AES-256},
    author={Biryukov, Alex and Khovratovich, Dmitry},
    booktitle={International Conference on the Theory and Application of Cryptology and Information Security},
    pages={1--18},
    year={2009},
    organization={Springer}
}

@InProceedings{wang2005finding,
    title={Finding collisions in the full SHA-1},
    author={Wang, Xiaoyun and Yin, Yiqun Lisa and Yu, Hongbo},
    booktitle={Annual international cryptology conference},
    pages={17--36},
    year={2005},
    organization={Springer}
}

@inproceedings{wang2005break,
    title={How to break MD5 and other hash functions},
    author={Wang, Xiaoyun and Yu, Hongbo},
    booktitle={Annual international conference on the theory and applications of cryptographic techniques},
    pages={19--35},
    year={2005},
    organization={Springer}
}


@inproceedings{stevens2017first,
    title={The first collision for full SHA-1},
    author={Stevens, Marc and Bursztein, Elie and Karpman, Pierre and Albertini, Ange and Markov, Yarik},
    booktitle={Annual International Cryptology Conference},
    pages={570--596},
    year={2017},
    organization={Springer}
}

@inproceedings{coron2000exact,
	title={On the exact security of full domain hash},
	author={Coron, Jean-S{\'e}bastien},
	booktitle={Annual International Cryptology Conference},
	pages={229--235},
	year={2000},
	organization={Springer}
}
